@Article{Cox1997,
  author = {Ingemar J. Cox and Joe Kilian and Tom Leighton and Talal Shamoon},
  journal    = {IEEE Transactions on Image Processing},
  title      = {Secure Spread Spectrum Watermarking for Multimedia},
  year       = {1997},
  month      = dec,
}

@Article{9910347,
  author={Marcolla, Chiara and Sucasas, Victor and Manzano, Marc and Bassoli, Riccardo and Fitzek, Frank H. P. and Aaraj, Najwa},
  journal={Proceedings of the IEEE}, 
  title={Survey on Fully Homomorphic Encryption, Theory, and Applications}, 
  year={2022},
  volume={110},
  number={10},
}

@Article{Gentry2009,
  author     = {Gentry, Craig},
  journal  = {Proceedings of the 41st Annual ACM Symposium on Theory of Computing},
  title      = {Fully Homomorphic Encryption using Ideal Lattices},
  year       = {2009},
  month      = may,
}

@Article{Cox1999,
  author    = {Ingemar J. Cox and Matthew L. Miller and Andrew L. McKellips},
  journal   = {Proceedings of the IEEE},
  title     = {Watermarking as Communications with Side Information},
  year      = {1999},
  month     = jul,
  number    = {7},
  volume    = {87},
}

@Book{Cox2008,
  author    = {Ingemar J. Cox and Matthew L. Miller and Jeffrey A. Bloom and Jessica Fridrich and Ton Kalker},
  editor    = {Morgan Kaufmann},
  publisher = {Elsevier},
  title     = {Digital Watermarking and Steganography},
  year      = {2008},
  isbn      = {9780123725851},
}

@InProceedings{Craver1997,
  author    = {Craver, Scott A. and Memon, Nasir D. and Yeo, Boon-Lock and Yeung, Minerva M.},
  booktitle = {Storage and Retrieval for Image and Video Databases},
  title     = {Can Invisible Watermarks Resolve Rightful Ownerships?},
  year      = {1997},
  editor    = {Sethi, Ishwar K. and Jain, Ramesh C.},
  month     = jan,
  publisher = {SPIE},
}

@Online{Blender,
  author = {Blender},
  title = {Blender Reference Manual},
  url = {https://docs.blender.org/manual/en/latest/},
  year = {2024}
}

@Book{Hughes2014,
  author    = {John F. Hughes and Andries van Dam and Morgan McGuire and David F. Sklar and James D. Foley and Steven K. Feiner and Kurt Akeley},
  publisher = {Addison-Wesley},
  title     = {Computer Graphics: Principles and Practice},
  year      = {2014},
  edition   = {3rd},
  isbn      = {0321399528},
}

@InProceedings{Yeung1997,
  author    = {Minerva M. Yeung and Fred Mintzer},
  booktitle = {Proceedings of International Conference on Image Processing},
  title     = {An Invisible Watermarking Technique for Image Verification},
  year      = {1997},
}

@InProceedings{Wu1998,
  author    = {Min Wu and Bede Liu},
  booktitle = {Proceedings of International Conference on Image Processing},
  title     = {Watermarking for Image Authentication},
  year      = {1998},
}

@Comment{jabref-meta: databaseType:bibtex;}
